@book{siegmund2002technik,
  title={Technik der Netze},
  author={Siegmund, Gerd},
  year={2002},
  publisher={H{\"u}thig}
}

@article{standard1q,
  title={Q. 931},
  author={Standard, ITU-T Recommendation},
  journal={Digital Subscriber Signaling System No. 1--Network Layer}
}

@article{recommendation1998digital,
  title={Digital subscriber Signaling System No. 1 (DSS 1)-ISDN user-network interface layer 3 specification for basic call control},
  author={Recommendation, ITUT},
  journal={Rec. Q},
  volume={931},
  year={1998}
}